<?xml version="1.0" encoding="UTF-8"?><record xmlns="http://www.loc.gov/MARC21/slim" xmlns:cinclude="http://apache.org/cocoon/include/1.0" xmlns:zs="http://www.loc.gov/zing/srw/">
  <leader>00425nz  a2200121n  4500</leader>
  <controlfield tag="001">n  88633533 </controlfield>
  <controlfield tag="003">DLC</controlfield>
  <controlfield tag="005">19880505065609.6</controlfield>
  <controlfield tag="008">880505n| acannaab|          |n aad |||  </controlfield>
  <datafield tag="010" ind1=" " ind2=" ">
    <subfield code="a">n  88633533 </subfield>
  </datafield>
  <datafield tag="040" ind1=" " ind2=" ">
    <subfield code="a">DLC</subfield>
    <subfield code="c">DLC</subfield>
  </datafield>
  <datafield tag="100" ind1="1" ind2="0">
    <subfield code="a">Stockwell, William John,</subfield>
    <subfield code="d">1952-</subfield>
  </datafield>
  <datafield tag="670" ind1=" " ind2=" ">
    <subfield code="a">nuc88-53709: His A comparison of drinking practices, drinking ... 1984</subfield>
    <subfield code="b">(hdg. on ViLxV rept.: Stockwell, William John, 1952- ; usage: William John Stockwell)</subfield>
  </datafield>
</record>